@Misc{Acrobat7,
  title = {{Adobe Acrobat Reader 7}},
  howpublished = {\url{http://www.adobe.com/products/acrobat/}},
}

@Misc{Coq,
  title = {{The Coq Proof Assistant}},
  note = {\url{http://coq.inria.fr}}
}

@Manual{Coq:manual,
title = {The Coq proof assistant reference manual},
author = {\mbox{The Coq development team}},
organization = {LogiCal Project},
note = {Version 8.4pl2},
year = {2013},
url = "http://coq.inria.fr"
}

@Misc{Eclipse,
  title = {{Eclipse}},
  note = {\url{http://www.eclipse.org/}}
}

@Misc{Isabelle,
  title = {{Isabelle}},
  note = {\url{http://www.cl.cam.ac.uk/research/hvg/Isabelle/}}
}

@Misc{jEdit,
  title = {{jEdit}},
  note = {\url{http://www.jedit.org/}}
}
  
@Misc{Matita,
  title = {{Matita}},
  note = {\url{http://matita.cs.unibo.it/}}
}

@Misc{ProofGeneral,
  title = {{Proof General}},
  note = {\url{http://proofgeneral.inf.ed.ac.uk/}}
}

@Misc{ProofMood,
  title = {{ProofMood}},
  note = {\url{http://www.proofmood.com/}}
}

@Misc{ProofWeb,
  title = {{ProofWeb}},
  note = {\url{http://prover.cs.ru.nl/}}
}
  
@Misc{Twelf,
  title = {{Twelf}},
  note = {\url{http://twelf.org/wiki/Main_Page}}
}


@Misc{CertiCrypt,
  title = {{CertiCrypt: Computer-Aided Cryptographic Proofs in Coq}},
  note = {\url{http://certicrypt.gforge.inria.fr/}}
}
  
@InProceedings{Ahlstrom10,
  author	= {Ahlstr\"{o}m, D. and Cockburn, A. and Gutwin, C. and Irani, P.},
  title	= {Why it's quick to be square: modeling new and existing hierarchical menu designs},
  booktitle	= {Proc. CHI},
  publisher	= {ACM Press},
  year	= {2010},
  pages	= {1371--1380},
}

@Article{Anderson92,
  author    = {Anderson, R. E.},
  title     = {Social impacts of computing: Codes of professional ethics},
  journal   = {Social Science Computing Review},
  year      = {1992},
  volume    = {10},
  number    = {2},
  pages     = {453--469},
}

@incollection{asperti2010some,
  title={Some considerations on the usability of interactive provers},
  author={Asperti, Andrea and Coen, Claudio Sacerdoti},
  booktitle={Intelligent Computer Mathematics},
  pages={147--156},
  year={2010},
  publisher={Springer}
}

@incollection{aspinall2000proof,
  title={Proof General: A generic tool for proof development},
  author={Aspinall, David},
  booktitle={Tools and Algorithms for the Construction and Analysis of Systems},
  pages={38--43},
  year={2000},
  publisher={Springer}
}

@Misc{ACMCCS,
  title = {How to Classify Works Using {ACM}'s Computing Classification System},
  howpublished = {\url{http://www.acm.org/class/how_to_use.html}},
}

@inproceedings{Bailly2008,
 author = {Bailly, Gilles and Demeure, Alexandre and Lecolinet, Eric and Nigay, Laurence},
 title = {MultiTouch menu (MTM)},
 booktitle = {Proceedings of the 20th International Conference of the Association Francophone d'Interaction Homme-Machine},
 series = {IHM '08},
 year = {2008},
 isbn = {978-1-60558-285-6},
 location = {Metz, France},
 pages = {165--168},
 numpages = {4},
 url = {http://doi.acm.org/10.1145/1512714.1512746},
 doi = {10.1145/1512714.1512746},
 acmid = {1512746},
}

@inproceedings{Bailly2010,
 author = {Bailly, Gilles and Lecolinet, Eric and Guiard, Yves},
 title = {Finger-count \&\#38; radial-stroke shortcuts: 2 techniques for augmenting linear menus on multi-touch surfaces},
 booktitle = {Proceedings of the SIGCHI Conference on Human Factors in Computing Systems},
 series = {CHI '10},
 year = {2010},
 isbn = {978-1-60558-929-9},
 location = {Atlanta, Georgia, USA},
 pages = {591--594},
 numpages = {4},
 url = {http://doi.acm.org/10.1145/1753326.1753414},
 doi = {10.1145/1753326.1753414},
 acmid = {1753414},
 publisher = {ACM},
 address = {New York, NY, USA},
 keywords = {menu techniques, multi-finger interaction, multi-touch, two-handed interaction},
} 

@inproceedings{barthe2010machine,
  title={A machine-checked formalization of Sigma-protocols},
  author={Barthe, Gilles and Hedin, Daniel and B{\'e}guelin, Santiago Zanella and Gr{\'e}goire, Benjamin and Heraud, Sylvain},
  booktitle={Computer Security Foundations Symposium (CSF), 2010 23rd IEEE},
  pages={246--260},
  year={2010},
  organization={IEEE}
}

@book{barwise2000language,
  title={Language, proof and logic},
  author={Barwise, Jon and Etchemendy, John and Allwein, Gerard and Barker-Plummer, Dave and Liu, Albert},
  year={2000},
  publisher={CSLI publications}
}

@article{bau2010arpege,
  title={Arpege: Design and Learning of multi-finger chord gestures},
  author={Bau, O and Ghomi, E and Mackay, W},
  journal={Submitted to ACM TOCHI},
  year={2010}
}

@inproceedings{Bau2008,
 author = {Bau, Olivier and Mackay, Wendy E.},
 title = {OctoPocus: a dynamic guide for learning gesture-based command sets},
 booktitle = {Proceedings of the 21st annual ACM symposium on User interface software and technology},
 series = {UIST '08},
 year = {2008},
 isbn = {978-1-59593-975-3},
 location = {Monterey, CA, USA},
 pages = {37--46},
 numpages = {10},
 url = {http://doi.acm.org/10.1145/1449715.1449724},
 doi = {10.1145/1449715.1449724},
 acmid = {1449724},
 publisher = {ACM},
 address = {New York, NY, USA},
 keywords = {dynamic guides, feedback, feedforward, gesture recognition, mouse input, octopocus, pen input},
} 

@incollection{bohme2010sledgehammer,
  title={Sledgehammer: judgement day},
  author={B{\"o}hme, Sascha and Nipkow, Tobias},
  booktitle={Automated Reasoning},
  pages={107--121},
  year={2010},
  publisher={Springer}
}

@inproceedings{bunt2009friend,
  title={Friend or foe?: examining CAS use in mathematics research},
  author={Bunt, Andrea and Terry, Michael and Lank, Edward},
  booktitle={Proceedings of the SIGCHI Conference on Human Factors in Computing Systems},
  pages={229--238},
  year={2009},
  organization={ACM}
}

@inproceedings{Carroll1987,
  title={Paradox of the active user},
  author={Carroll, John M and Rosson, Mary Beth},
  booktitle={Interfacing thought: cognitive aspects of human-computer interaction},
  pages={80--111},
  year={1987},
  organization={MIT Press}
}

@misc{chlipala2011certified,
  title={Certified programming with dependent types},
  author={Chlipala, Adam},
  year={2011},
  publisher={MIT Press}
}

@article{coen2008constructive,
  title={A constructive and formal proof of Lebesgue’s dominated convergence theorem in the interactive theorem prover Matita},
  author={Coen, Claudio Sacerdoti and Tassi, Enrico},
  journal={Journal of Formalized Reasoning},
  volume={1},
  pages={51--89},
  year={2008}
}

@incollection{corbineau2007cooperative,
  title={Cooperative repositories for formal proofs},
  author={Corbineau, Pierre and Kaliszyk, Cezary},
  booktitle={Towards Mechanized Mathematical Assistants},
  pages={221--234},
  year={2007},
  publisher={Springer}
}

@incollection{corbineau2008declarative,
  title={A declarative language for the coq proof assistant},
  author={Corbineau, Pierre},
  booktitle={Types for Proofs and Programs},
  pages={69--84},
  year={2008},
  publisher={Springer}
}

@incollection{dillig2011small,
  title={Small formulas for large programs: On-line constraint simplification in scalable static analysis},
  author={Dillig, Isil and Dillig, Thomas and Aiken, Alex},
  booktitle={Static Analysis},
  pages={236--252},
  year={2011},
  publisher={Springer}
}

@article{gemaltogemalto,
  title={Gemalto achieves major breakthrough in security technology with JavaCard highest level of certification},
  author={Gemalto, NV},
  journal={Press release at http://www.gemalto.com/php/pr\_view.php?id=239}
}

@article{CoqSIGPLANAward,
  title = {Programming Languages Software Award},
  author = {ACM SIGPLAN},
  journal = {Announcement at http://www.sigplan.org/Awards/Software/Main},
  year = {2013}
}

@article{field1993contour,
  title={Contour integration by the human visual system: Evidence for a local “association field”},
  author={Field, David J and Hayes, Anthony and Hess, Robert F},
  journal={Vision research},
  volume={33},
  number={2},
  pages={173--193},
  year={1993},
  publisher={Elsevier}
}

@article{geuvers2009proof,
  title={Proof assistants: History, ideas and future},
  author={Geuvers, Herman},
  journal={Sadhana},
  volume={34},
  number={1},
  pages={3--25},
  year={2009},
  publisher={Springer}
}

@article{gonthier2005computer,
  title={A computer-checked proof of the four colour theorem},
  author={Gonthier, Georges},
  journal={preprint},
  year={2005}
}

@article{graham1998development,
  title={Development of handwriting speed and legibility in grades 1--9},
  author={Graham, Steve and Berninger, Virginia and Weintraub, Naomi and Schafer, William},
  journal={The Journal of Educational Research},
  volume={92},
  number={1},
  pages={42--52},
  year={1998},
  publisher={Taylor \& Francis}
}

@InProceedings{Grossman07,
author = {Grossman, T. and Dragicevic, P. and Balakrishnan, R.},
title = {Strategies for accelerating on-line learning of hotkeys},
booktitle = {Proc. CHI},
publisher	= {ACM Press},
year = {2007},
pages = {1591--1600},
}

@inproceedings{gulwani2008program,
  title={Program analysis as constraint solving},
  author={Gulwani, Sumit and Srivastava, Saurabh and Venkatesan, Ramarathnam},
  booktitle={ACM SIGPLAN Notices},
  volume={43},
  number={6},
  pages={281--292},
  year={2008},
  organization={ACM}
}



@InProceedings{Hendy10,
author = {Hendy, J. and Booth, K. and McGrenere, J},
title = {Graphically enhanced keyboard accelerators for GUIs},
booktitle = {Proc. GI '10},
publisher	= {Canadian Information Processing Society},
year = {2010},
pages = {3--10},
}

@article{huet1997coq,
  title={The Coq Proof Assistant A Tutorial},
  author={Huet, G{\'e}rard and Kahn, Gilles and Paulin-Mohring, Christine},
  journal={Rapport Technique},
  volume={178},
  year={1997}
}

@inproceedings{Krisler2008,
 author = {Krisler, Brian and Alterman, Richard},
 title = {Training towards mastery: overcoming the active user paradox},
 booktitle = {Proceedings of the 5th Nordic conference on Human-computer interaction: building bridges},
 series = {NordiCHI '08},
 year = {2008},
 isbn = {978-1-59593-704-9},
 location = {Lund, Sweden},
 pages = {239--248},
 numpages = {10},
 url = {http://doi.acm.org/10.1145/1463160.1463186},
 doi = {10.1145/1463160.1463186},
 acmid = {1463186},
 publisher = {ACM},
 address = {New York, NY, USA},
 keywords = {active user paradox, activity theory, design, mastery, skill acquisition, training},
} 

@article{klein2010sel4,
  title={seL4: formal verification of an operating-system kernel},
  author={Klein, Gerwin and Andronick, June and Elphinstone, Kevin and Heiser, Gernot and Cock, David and Derrin, Philip and Elkaduwe, Dhammika and Engelhardt, Kai and Kolanski, Rafal and Norrish, Michael and others},
  journal={Communications of the ACM},
  volume={53},
  number={6},
  pages={107--115},
  year={2010},
  publisher={ACM}
}

@InProceedings{Klemmer02,
  author    = {Klemmer, R. S. and Thomsen, M. and Phelps-Goodman, E. and Lee, R. and Landay, J. A.},
  title     = {Where do web sites come from? Capturing and interacting with design history},
  booktitle = {Proc. CHI},
  publisher = {ACM Press},
  year      = {2002},
  pages     = {1--8},
}

@phdthesis{kurtenbach1993design,
  title={The design and evaluation of marking menus},
  author={Kurtenbach, Gordon Paul},
  year={1993},
  school={University of Toronto}
}

@InProceedings{Kurtenback94,
  author    = {Kurtenbach, G. and Buxton, W.},
  title     = {User learning and performance with marking menus},
  booktitle = {Proc. CHI},
  publisher = {ACM Press},
  year      = {1994},
  pages     = {258--264},
}

@inproceedings{Kurtenbach1999,
 author = {Kurtenbach, Gordon and Fitzmaurice, George W. and Owen, Russell N. and Baudel, Thomas},
 title = {The Hotbox: efficient access to a large number of menu-items},
 booktitle = {Proceedings of the SIGCHI conference on Human Factors in Computing Systems},
 series = {CHI '99},
 year = {1999},
 isbn = {0-201-48559-1},
 location = {Pittsburgh, Pennsylvania, USA},
 pages = {231--237},
 numpages = {7},
 url = {http://doi.acm.org/10.1145/302979.303047},
 doi = {10.1145/302979.303047},
 acmid = {303047},
 publisher = {ACM},
 address = {New York, NY, USA},
 keywords = {marking menus, menubars, menus access, transparency, two-handed input},
} 

@Article{Lane05,
  author    = {Lane, D. and Napier, H. and Peres, C. and Sandor, A.},
  title     = {The hidden costs of graphical user interfaces: The failure to make the transition from menus and icon toolbars to keyboard shortcuts},
  journal   = {International Journal of Human-Computer Interaction},
  year      = {2005},
  volume    = {18},
  number    = {},
  pages     = {133--144},
}

@Misc{Latex,
  title = {{LaTeX}},
  howpublished = {\url{http://www.latex-project.org}},
}

@inproceedings{lee2007towards,
  title={Towards a mechanized metatheory of Standard ML},
  author={Lee, Daniel K and Crary, Karl and Harper, Robert},
  booktitle={ACM SIGPLAN Notices},
  volume={42},
  number={1},
  pages={173--184},
  year={2007},
  organization={ACM}
}

@inproceedings{Lepinski2010,
 author = {Lepinski, G. Julian and Grossman, Tovi and Fitzmaurice, George},
 title = {The design and evaluation of multitouch marking menus},
 booktitle = {Proceedings of the SIGCHI Conference on Human Factors in Computing Systems},
 series = {CHI '10},
 year = {2010},
 isbn = {978-1-60558-929-9},
 location = {Atlanta, Georgia, USA},
 pages = {2233--2242},
 numpages = {10},
 url = {http://doi.acm.org/10.1145/1753326.1753663},
 doi = {10.1145/1753326.1753663},
 acmid = {1753663},
 publisher = {ACM},
 address = {New York, NY, USA},
 keywords = {marking menus, multi-finger input, multi-touch displays},
} 

@article{leroy2009formal,
  title={Formal verification of a realistic compiler},
  author={Leroy, Xavier},
  journal={Communications of the ACM},
  volume={52},
  number={7},
  pages={107--115},
  year={2009},
  publisher={ACM}
}

@inproceedings{lesta2002intelligent,
  title={An intelligent teaching assistant system for Logic},
  author={Lesta, Leanna and Yacef, Kalina},
  booktitle={Intelligent Tutoring Systems},
  pages={421--431},
  year={2002},
  organization={Springer}
}

@inproceedings{lukins2002tutorial,
  title={A tutorial program for propositional logic with human/computer interactive learning},
  author={Lukins, Stacy and Levicki, Alan and Burg, Jennifer},
  booktitle={ACM SIGCSE Bulletin},
  volume={34},
  number={1},
  pages={381--385},
  year={2002},
  organization={ACM}
}

@InProceedings{Lyons03,
  author    = {Lyons, K. and Patel, N. J. and Starner, T.},
  title     = {KeyMenu:  A keyboard based hierarchical menu},
  booktitle = {Proc. ISWC '03},
  publisher = {IEEE Computer Society},
  year      = {2003},
  pages     = {240--241},
}

@article{malacria2013promoting,
  title={Promoting Hotkey Use through Rehearsal with ExposeHK},
  author={Malacria, Sylvain and Bailly, Gilles and Harrison, Joel and Cockburn, Andy and Gutwin, Carl},
  year={2013}
}

@phdthesis{malik2007exploration,
  title={An exploration of multi-finger interaction on multi-touch surfaces},
  author={Malik, Shahzad},
  year={2007},
  school={University of Toronto}
}

@InProceedings{Mather00,
  author    = {Mather, B. D.},
  title     = {Making up titles for conference papers},
  booktitle = {Ext. Abstracts CHI},
  publisher = {ACM Press},
  year      = {2000},
  pages     = {1--2},
}

@article{narboux2007graphical,
  title={A graphical user interface for formal proofs in geometry},
  author={Narboux, Julien},
  journal={Journal of Automated Reasoning},
  volume={39},
  number={2},
  pages={161--180},
  year={2007},
  publisher={Springer}
}

@Book{Norman91,
  author    = {Norman, K. L.},
  title     = {The Psychology of Menu Selection:  Designing Cognitive Control at the Human/Computer Interface},
  publisher = {Ablex Publishing Corporation},
  address   = {Norwood, NJ},
  year      = {1991},
}

@article{pierce2010software,
  title={Software foundations},
  author={Pierce, Benjamin C and Casinghino, Chris and Greenberg, Michael and Sjoberg, Vilhelm and Yorgey, Brent},
  journal={Course notes, online at http://www. cis. upenn. edu/\~{} bcpierce/sf},
  year={2010}
}

@misc{ PurdyJuly112012,
author = {Purdy, Kevin},
title = {Make Chrome Less Distracting with Vimium (and These Settings)},
journal = {Lifehacker},
type = {Blog},
number = {3:00 PM July 11},
year = {2012},
howpublished = {\url{http://lifehacker.com/5925220/make-chrome-less-distracting
-with-vimium-and-these-settings/}},
}

@article{quaresma2007geothms,
  title={Geothms—a web system for Euclidean constructive geometry},
  author={Quaresma, Pedro and Jani{\v{c}}i{\'c}, Predrag},
  journal={Electronic Notes in Theoretical Computer Science},
  volume={174},
  number={2},
  pages={35--48},
  year={2007},
  publisher={Elsevier}
}

@inproceedings{scarr2011dips,
  title={Dips and ceilings: understanding and supporting transitions to expertise in user interfaces},
  author={Scarr, Joey and Cockburn, Andy and Gutwin, Carl and Quinn, Philip},
  booktitle={Proceedings of the 2011 annual conference on Human factors in computing systems},
  pages={2741--2750},
  year={2011},
  organization={ACM}
}

@Book{Schwartz95,
  author    = {Schwartz, M.},
  title     = {Guidelines for Bias-Free Writing},
  publisher = {Indiana University Press},
  address   = {Bloomington, IN, USA},
  year      = {1995},
}

@Book{Shneiderman10,
  author    = {Shneiderman, B. and Plaisant, C.},
  title     = {Designing the User Interface: Strategies for Effective Human-Computer Interaction},
  edition = {Fifth},
  publisher = {Addison-Wesley},
  address   = {Boston},
  year      = {2010},
}

@inproceedings{Thery:1992:RTP:142868.143760,
 author = {Th{\'e}ry, Laurent and Bertot, Yves and Kahn, Gilles},
 title = {Real theorem provers deserve real user-interfaces},
 booktitle = {Proceedings of the fifth ACM SIGSOFT symposium on Software development environments},
 series = {SDE 5},
 year = {1992},
 isbn = {0-89791-554-2},
 location = {Tyson's Corner, Virginia, USA},
 pages = {120--129},
 numpages = {10},
 url = {http://doi.acm.org/10.1145/142868.143760},
 doi = {10.1145/142868.143760},
 acmid = {143760},
 publisher = {ACM},
 address = {New York, NY, USA},
}

@article{Varcholik2012657,
title = "Establishing a baseline for text entry for a multi-touch virtual keyboard ",
journal = "International Journal of Human-Computer Studies ",
volume = "70",
number = "10",
pages = "657 - 672",
year = "2012",
note = "<ce:title>Special issue on Developing, Evaluating and Deploying Multi-touch Systems</ce:title> ",
issn = "1071-5819",
doi = "10.1016/j.ijhcs.2012.05.007",
url = "http://www.sciencedirect.com/science/article/pii/S1071581912000961",
author = "Paul D. Varcholik and Joseph J. LaViola Jr. and Charles E. Hughes",
keywords = "Multi-touch",
keywords = "Text entry",
keywords = "Speed",
keywords = "Accuracy",
keywords = "Text intensive applications "
}


@Misc{BrowserDisplayStatistics,
  author = {W3Schools},
  title = {{Browser Display Statistics}},
  howpublished= {\url{http://www.w3schools.com/browsers/browsers_display.asp}},
  year = {2013},
}

@article{wenzel2012asynchronous,
  title={Asynchronous proof processing with Isabelle/Scala and Isabelle/jEdit},
  author={Wenzel, Makarius},
  journal={Electronic Notes in Theoretical Computer Science},
  volume={285},
  pages={101--114},
  year={2012},
  publisher={Elsevier}
}

@InProceedings{Zellweger01,
  author    = {Zellweger, P. T. and Bouvin, N. O. and Jeh{\o}j, H. and Macsnlay, J. D.},
  title     = {Fluid Annotations in an Open World},
  booktitle = {Proc. Hypertext},
  publisher = {ACM Press},
  year      = {2001},
  pages     = {9--18},
}

